@article{Seimiya2015,
  doi       = {10.1093/ptep/ptv136},
  url       = {https://doi.org/10.1093/ptep/ptv136},
  year      = {2015},
  month     = oct,
  publisher = {Oxford University Press ({OUP})},
  volume    = {2015},
  number    = {10},
  pages     = {103G01},
  author    = {Yuji Seimiya and Masao Kuriki and Tohru Takahashi and Tsunehiko Omori and Toshiyuki Okugi and Masanori Satoh and Jyunji Urakawa and Shigeru Kashiwagi},
  title     = {Positron capture simulation for the {ILC} electron-driven positron source},
  journal   = {Progress of Theoretical and Experimental Physics}
}

@article{Fujii2019,
  doi       = {10.1103/physrevaccelbeams.22.091301},
  url       = {https://doi.org/10.1103/physrevaccelbeams.22.091301},
  year      = {2019},
  month     = sep,
  publisher = {American Physical Society ({APS})},
  volume    = {22},
  number    = {9},
  author    = {H. Fujii and K.{\hspace{0.167em}}A. Marsh and W. An and S. Corde and M.{\hspace{0.167em}}J. Hogan and V. Yakimenko and C. Joshi},
  title     = {Positron beam extraction from an electron-beam-driven plasma wakefield accelerator},
  journal   = {Physical Review Accelerators and Beams}
}

@inproceedings{Bharadwaj2001,
  author    = {Bharadwaj, V.K. and Batygin, Y.K. and Sheppard, J.C. and Schultz, D.C. and Bodenstein, S. and Gallegos, J. and Gonzales, R. and Ledbetter, J. and Lopez, M. and Romero, R. and Romero, T. and Rutherford, R. and Maloy, S.},
  booktitle = {PACS2001. Proceedings of the 2001 Particle Accelerator Conference (Cat. No.01CH37268)},
  title     = {Analysis of beam-induced damage to the SLC positron production target},
  year      = {2001},
  volume    = {3},
  number    = {},
  pages     = {2123-2125 vol.3},
  doi       = {10.1109/PAC.2001.987297}
}

@article{Floettmann2003,
  doi       = {10.1103/physrevstab.6.034202},
  url       = {https://doi.org/10.1103/physrevstab.6.034202},
  year      = {2003},
  month     = mar,
  publisher = {American Physical Society ({APS})},
  volume    = {6},
  number    = {3},
  author    = {Klaus Floettmann},
  title     = {Some basic features of the beam emittance},
  journal   = {Physical Review Special Topics - Accelerators and Beams}
}

@article{Okita2020,
  doi       = {10.1016/j.nima.2020.164565},
  url       = {https://doi.org/10.1016/j.nima.2020.164565},
  year      = {2020},
  month     = dec,
  publisher = {Elsevier {BV}},
  volume    = {982},
  pages     = {164565},
  author    = {H. Okita and Y. Ishi and Y. Mori},
  title     = {Beam emittance growth in the proposed gaseous target {ERIT} ring for muon production},
  journal   = {Nuclear Instruments and Methods in Physics Research Section A: Accelerators,  Spectrometers,  Detectors and Associated Equipment}
}

@inproceedings{Feinberg2011,
  doi       = {10.22323/1.100.0188},
  url       = {https://doi.org/10.22323/1.100.0188},
  year      = {2011},
  month     = jul,
  publisher = {Sissa Medialab},
  author    = {Gitai Feinberg and Michael Paul and Alexander Arenshtam and Dan Berkovits and Yosef Eisen and Moshe Friedman and Shlomi Halfon and Dany Kijel and Ami Nagler and Asher Shor and Ido Silverman},
  title     = {A liquid-lithium target project for production of high-intensity quasi-stellar neutrons},
  booktitle = {Proceedings of 11th Symposium on Nuclei in the Cosmos {\textemdash} {PoS}({NIC} {XI})}
}

@inproceedings{Bailey2006,
  url    = {https://www.semanticscholar.org/paper/DEVELOPMENT-OF-A-POSITRON-PRODUCTION-TARGET-FOR-THE-Bailey-Bharadwaj/8bc4ca8a3d00f1726868543fe505523f6972eca7#related-papers},
  title  = {DEVELOPMENT OF A POSITRON PRODUCTION TARGET FOR THE ILC POSITRON SOURCE},
  author = {Ian R. Bailey and Vinod Bharadwaj and P. A. Cooke and Jeffrey Baton Gronberg and David J. Mayhall and Tom Piggott and John C. Sheppard and Werner Stein and Peter Sutcliffe},
  year   = {2006}
}

@book{Clarke2004,
  doi       = {10.1093/acprof:oso/9780198508557.001.0001},
  url       = {https://doi.org/10.1093/acprof:oso/9780198508557.001.0001},
  year      = {2004},
  month     = jul,
  publisher = {Oxford University Press},
  author    = {James A. Clarke},
  title     = {The Science and Technology of Undulators and Wigglers}
}

@inproceedings{Kuriki2008,
  doi       = {10.1063/1.2888124},
  url       = {https://doi.org/10.1063/1.2888124},
  year      = {2008},
  publisher = {{AIP}},
  author    = {M. Kuriki and S. Araki and Y. Higashi and Y. Honda and Y. Kurihara and T. Okugi and T. Omori and T. Taniguchi and N. Terunuma and J. Urakawa and M. Fukuda and K. Hirano and M. Takano and T. Hirose and K. Sakaue and M. Washio and T. Takahashi and H. Shimizu and A. Tsunemi and F. Zimmermann and H. Braun and M. Korostelev and L. Rinolfi and D. Schulte and E. Bulyak and P. Gladkikh and K. Moenig and A. Variola and F. Zomer and X. Artru and R. Chehab and M. Chevallier and V. Strakhovenko and J. Gao and S. Guiducci and P. Raimondi and V. Soskov and Ahovi Kponou and Yousef Makdisi and Anatoli Zelenski},
  title     = {{ILC} Positron Source Based on Laser Compton},
  booktitle = {{AIP} Conference Proceedings}
}

@techreport{Dadoun2009,
  author       = {Dadoun, O and Chaikovska, I and Chehab, R and Poirier, F and Rinolfi, L and Strakhovenko, V and Variola, A and Vivoli, A},
  title        = {{Study of an hybrid positron source using channeling for CLIC}},
  institution  = {CERN},
  address      = {Geneva},
  reportnumber = {CLIC-Note-808},
  month        = {Sep},
  year         = {2009},
  url          = {https://cds.cern.ch/record/1248436}
}

@article{Geant4,
  author        = {Agostinelli, S. and others},
  collaboration = {GEANT4},
  title         = {{GEANT4--a simulation toolkit}},
  reportnumber  = {SLAC-PUB-9350, FERMILAB-PUB-03-339, CERN-IT-2002-003},
  doi           = {10.1016/S0168-9002(03)01368-8},
  journal       = {Nucl. Instrum. Meth. A},
  volume        = {506},
  pages         = {250--303},
  year          = {2003}
}

@manual{Crystran2019,
  author    = {Crystran Ltd},
  publisher = {Crystran Ltd},
  title     = {The CRYSTRAN HANDBOOK of Infra-Red and Ultra-Violet OPTICAL MATERIALS},
  url       = {https://www.crystran.co.uk/handbook},
  year      = {2019}
}

@inproceedings{Mikhailichenko2006,
  author    = {Mikhailichenko, Alexander A},
  booktitle = {Proceedings of EPAC 2006, Edinburgh, Scotland},
  title     = {Liquid Metal Target for ILC},
  year      = {2006},
  url       = {https://cds.cern.ch/record/1078563}
}

@techreport{Sheppard2002,
  doi       = {10.2172/800036},
  url       = {https://doi.org/10.2172/800036},
  year      = {2002},
  month     = aug,
  publisher = {Office of Scientific and Technical Information ({OSTI})},
  author    = {John C Sheppard},
  title     = {Liquid Metal Target for {NLC} Positron Source}
}

@techreport{Sheppard2003,
  doi       = {10.2172/826573},
  url       = {https://doi.org/10.2172/826573},
  year      = {2003},
  month     = nov,
  publisher = {Office of Scientific and Technical Information ({OSTI})},
  author    = {J Sheppard},
  title     = {Conventional Positron Target for a Tesla Formatted Beam({LCC}-0133)}
}

@techreport{FACET2016,
  doi       = {10.2172/1340171},
  url       = {https://doi.org/10.2172/1340171},
  year      = {2016},
  month     = aug,
  publisher = {Office of Scientific and Technical Information ({OSTI})},
  author    = {Not Given Author},
  title     = {Technical Design Report for the {FACET}-{II} Project at {SLAC} National Accelerator Laboratory}
}

@inproceedings{Tang1995,
  doi       = {10.1109/pac.1995.505120},
  url       = {https://doi.org/10.1109/pac.1995.505120},
  publisher = {{IEEE}},
  author    = {H. Tang and A.V. Kulikov and J.E. Clendenin and S.D. Ecklund and R.A. Miller and A.D. Yeremian},
  title     = {The {NLC} positron source},
  booktitle = {Proceedings Particle Accelerator Conference},
  place     = {United States},
  year      = {1995},
  month     = {5}
}

